@inproceedings{miceli-barone-etal-2017-deep,
    title = "Deep architectures for Neural Machine Translation",
    author = "Miceli Barone et al.", 
    booktitle = "Proceedings of the Second Conference on Machine Translation",
    month = sep,
    year = "2017",
    publisher = "Association for Computational Linguistics",
    url = "https://www.aclweb.org/anthology/W17-4710",
    doi = "10.18653/v1/W17-4710",
    pages = "99--107",
}

@inproceedings{sennrich-etal-2017-university,
    title = "The {U}niversity of {E}dinburgh{'}s Neural {MT} Systems for {WMT}17",
    author = "Rico Sennrich et al.",
    booktitle = "Proceedings of the Second Conference on Machine Translation",
    month = sep,
    year = "2017",
    publisher = "Association for Computational Linguistics",
    url = "https://www.aclweb.org/anthology/W17-4739",
    doi = "10.18653/v1/W17-4739",
    pages = "389--399",
}

@article{DBLP:journals/corr/ChoMBB14,
  author    = {KyungHyun Cho et al.},
  title     = {On the Properties of Neural Machine Translation: Encoder-Decoder Approaches},
  journal   = {CoRR},
  volume    = {abs/1409.1259},
  year      = {2014},
  url       = {http://arxiv.org/abs/1409.1259},
  archivePrefix = {arXiv},
  eprint    = {1409.1259},
  timestamp = {Mon, 13 Aug 2018 16:47:23 +0200},
  biburl    = {https://dblp.org/rec/journals/corr/ChoMBB14.bib},
  bibsource = {dblp computer science bibliography, https://dblp.org}
}

@misc{bahdanau2016neural,
      title={Neural Machine Translation by Jointly Learning to Align and Translate},
      author={Dzmitry Bahdanau and Kyunghyun Cho and Yoshua Bengio},
      year={2016},
}
